<?xml version="1.0" encoding="UTF-8"?><record xmlns="http://www.loc.gov/MARC21/slim" xmlns:cinclude="http://apache.org/cocoon/include/1.0" xmlns:zs="http://www.loc.gov/zing/srw/">
  <leader>00414nz  a2200121n  4500</leader>
  <controlfield tag="001">n  85057182 </controlfield>
  <controlfield tag="003">DLC</controlfield>
  <controlfield tag="005">19860130061716.2</controlfield>
  <controlfield tag="008">851112n| acannaab|          |n aaa ||| c</controlfield>
  <datafield tag="010" ind1=" " ind2=" ">
    <subfield code="a">n  85057182 </subfield>
  </datafield>
  <datafield tag="040" ind1=" " ind2=" ">
    <subfield code="a">CU</subfield>
    <subfield code="c">DLC</subfield>
  </datafield>
  <datafield tag="100" ind1="1" ind2="0">
    <subfield code="a">Yeandle, David N.</subfield>
  </datafield>
  <datafield tag="670" ind1=" " ind2=" ">
    <subfield code="a">His Commentary on the Soltane and Jeschute episodes in Book III of Wolfram von Eschenbach's Parzival, 1984:</subfield>
    <subfield code="b">t.p. (David N. Yeandle) p. vii (Ph.D., Cambridge U.)</subfield>
  </datafield>
</record>